

@article{vm_2024,
	title = {LaTeX template},
	journal = {Example journal},
	year = {2024},
	% doi = {},
	author = {VÃ­ctor Villegas-Morral}
}